@article{wohlrab2009perception,
  title={Perception of human body modification},
  author={Wohlrab, Silke and Fink, Bernhard and Kappeler, Peter M and Brewer, Gayle},
  journal={Personality and Individual Differences},
  volume={46},
  number={2},
  pages={202--206},
  year={2009},
  publisher={Elsevier}
}
@article{sell2008human,
  title={Human adaptations for the visual assessment of strength and fighting ability from the body and face},
  author={Sell, Aaron and Cosmides, Leda and Tooby, John and Sznycer, Daniel and von Rueden, Christopher and Gurven, Michael},
  journal={Proceedings of the Royal Society B: Biological Sciences},
  volume={276},
  number={1656},
  pages={575--584},
  year={2008},
  publisher={The Royal Society London}
}
@article{lefevre2013telling,
  title={Telling facial metrics: facial width is associated with testosterone levels in men},
  author={Lefevre, Carmen E and Lewis, Gary J and Perrett, David I and Penke, Lars},
  journal={Evolution and Human Behavior},
  volume={34},
  number={4},
  pages={273--279},
  year={2013},
  publisher={Elsevier}
}
@article{banakou2016virtual,
  title={Virtual embodiment of white people in a black virtual body leads to a sustained reduction in their implicit racial bias},
  author={Banakou, Domna and Hanumanthu, Parasuram D and Slater, Mel},
  journal={Frontiers in human neuroscience},
  volume={10},
  pages={601},
  year={2016},
  publisher={Frontiers}
}
@article{slater2014transcending,
  title={Transcending the self in immersive virtual reality},
  author={Slater, Mel and Sanchez-Vives, Maria V},
  journal={Computer},
  volume={47},
  number={7},
  pages={24--30},
  year={2014},
  publisher={IEEE}
}
@article{windhager2011geometric,
  title={Geometric morphometrics of male facial shape in relation to physical strength and perceived attractiveness, dominance, and masculinity},
  author={Windhager, Sonja and Schaefer, Katrin and Fink, Bernhard},
  journal={American Journal of Human Biology},
  volume={23},
  number={6},
  pages={805--814},
  year={2011},
  publisher={Wiley Online Library}
}
@article{geller2008overcoming,
  title={Overcoming the uncanny valley},
  author={Geller, Tom},
  journal={IEEE computer graphics and applications},
  volume={28},
  number={4},
  pages={11--17},
  year={2008},
  publisher={IEEE}
}
@article{kothgassner2017real,
  title={Real-life prosocial behavior decreases after being socially excluded by avatars, not agents},
  author={Kothgassner, Oswald D and Griesinger, Mirjam and Kettner, Kathrin and Wayan, Katja and V{\"o}lkl-Kernstock, Sabine and Hlavacs, Helmut and Beutl, Leon and Felnhofer, Anna},
  journal={Computers in human behavior},
  volume={70},
  pages={261--269},
  year={2017},
  publisher={Elsevier}
}
@article{bailenson2005digital,
  title={Digital chameleons: Automatic assimilation of nonverbal gestures in immersive virtual environments},
  author={Bailenson, Jeremy N and Yee, Nick},
  journal={Psychological science},
  volume={16},
  number={10},
  pages={814--819},
  year={2005},
  publisher={SAGE Publications Sage CA: Los Angeles, CA}
}
@incollection{bailenson2006transformed,
  title={Transformed social interaction: Exploring the digital plasticity of avatars},
  author={Bailenson, Jeremy N and Beall, Andrew C},
  booktitle={Avatars at work and play},
  pages={1--16},
  year={2006},
  publisher={Springer}
}
@article{groom2009influence,
  title={The influence of racial embodiment on racial bias in immersive virtual environments},
  author={Groom, Victoria and Bailenson, Jeremy N and Nass, Clifford},
  journal={Social Influence},
  volume={4},
  number={3},
  pages={231--248},
  year={2009},
  publisher={Taylor \& Francis}
}
@article{fox2013embodiment,
  title={The embodiment of sexualized virtual selves: The Proteus effect and experiences of self-objectification via avatars},
  author={Fox, Jesse and Bailenson, Jeremy N and Tricase, Liz},
  journal={Computers in Human Behavior},
  volume={29},
  number={3},
  pages={930--938},
  year={2013},
  publisher={Elsevier}
}
@article{bond1972effect,
  title={Effect of an impression set on subsequent behavior.},
  author={Bond, Michael H},
  journal={Journal of Personality and Social Psychology},
  volume={24},
  number={3},
  pages={301},
  year={1972},
  publisher={American Psychological Association}
}
@article{van2013proteus,
  title={The Proteus effect in dyadic communication: Examining the effect of avatar appearance in computer-mediated dyadic interaction},
  author={Van Der Heide, Brandon and Schumaker, Erin M and Peterson, Ashley M and Jones, Elizabeth B},
  journal={Communication Research},
  volume={40},
  number={6},
  pages={838--860},
  year={2013},
  publisher={Sage Publications Sage CA: Los Angeles, CA}
}
@article{yee2009proteus,
  title={The Proteus effect: Implications of transformed digital self-representation on online and offline behavior},
  author={Yee, Nick and Bailenson, Jeremy N and Ducheneaut, Nicolas},
  journal={Communication Research},
  volume={36},
  number={2},
  pages={285--312},
  year={2009},
  publisher={Sage Publications Sage CA: Los Angeles, CA}
}
@article{yee2009difference,
  title={The difference between being and seeing: The relative contribution of self-perception and priming to behavioral changes via digital self-representation},
  author={Yee, Nick and Bailenson, Jeremy N},
  journal={Media Psychology},
  volume={12},
  number={2},
  pages={195--209},
  year={2009},
  publisher={Taylor \& Francis}
}
@article{pena2009priming,
  title={The priming effects of avatars in virtual settings},
  author={Pe{\~n}a, Jorge and Hancock, Jeffrey T and Merola, Nicholas A},
  journal={Communication Research},
  volume={36},
  number={6},
  pages={838--856},
  year={2009},
  publisher={Sage Publications Sage CA: Los Angeles, CA}
}
@inproceedings{zimbardo1969human,
  title={The human choice: Individuation, reason, and order versus deindividuation, impulse, and chaos.},
  author={Zimbardo, Philip G},
  booktitle={Nebraska symposium on motivation},
  year={1969},
  organization={University of Nebraska press}
}
@incollection{bem1972self,
  title={Self-perception theory},
  author={Bem, Daryl J},
  booktitle={Advances in experimental social psychology},
  volume={6},
  pages={1--62},
  year={1972},
  publisher={Elsevier}
}
@article{nowak2018avatars,
  title={Avatars and computer-mediated communication: a review of the definitions, uses, and effects of digital representations},
  author={Nowak, Kristine L and Fox, Jesse},
  journal={Review of Communication Research},
  volume={6},
  pages={30--53},
  year={2018},
  publisher={ESP}
}
@inproceedings{blascovich2002theoretical,
  title={A theoretical model of social influence for increasing the utility of collaborative virtual environments},
  author={Blascovich, Jim},
  booktitle={Proceedings of the 4th international conference on Collaborative virtual environments},
  pages={25--30},
  year={2002},
  organization={ACM}
}
@article{guadagno2007virtual,
  title={Virtual humans and persuasion: The effects of agency and behavioral realism},
  author={Guadagno, Rosanna E and Blascovich, Jim and Bailenson, Jeremy N and McCall, Cade},
  journal={Media Psychology},
  volume={10},
  number={1},
  pages={1--22},
  year={2007},
  publisher={Taylor \& Francis}
}
@article{fox2015avatars,
  title={Avatars versus agents: a meta-analysis quantifying the effect of agency on social influence},
  author={Fox, Jesse and Ahn, Sun Joo and Janssen, Joris H and Yeykelis, Leo and Segovia, Kathryn Y and Bailenson, Jeremy N},
  journal={Human--Computer Interaction},
  volume={30},
  number={5},
  pages={401--432},
  year={2015},
  publisher={Taylor \& Francis}
}
@article{zhao2003toward,
  title={Toward a taxonomy of copresence},
  author={Zhao, Shanyang},
  journal={Presence: Teleoperators \& Virtual Environments},
  volume={12},
  number={5},
  pages={445--455},
  year={2003},
  publisher={MIT Press}
}
@inproceedings{nass1994computers,
  title={Computers are social actors},
  author={Nass, Clifford and Steuer, Jonathan and Tauber, Ellen R},
  booktitle={Proceedings of the SIGCHI conference on Human factors in computing systems},
  pages={72--78},
  year={1994},
  organization={ACM}
}

@article{slater2006virtual,
  title={A virtual reprise of the Stanley Milgram obedience experiments},
  author={Slater, Mel and Antley, Angus and Davison, Adam and Swapp, David and Guger, Christoph and Barker, Chris and Pistrang, Nancy and Sanchez-Vives, Maria V},
  journal={PloS one},
  volume={1},
  number={1},
  pages={e39},
  year={2006},
  publisher={Public Library of Science}
}
@article{yee2007proteus,
  title={The Proteus effect: The effect of transformed self-representation on behavior},
  author={Yee, Nick and Bailenson, Jeremy},
  journal={Human communication research},
  volume={33},
  number={3},
  pages={271--290},
  year={2007},
  publisher={Oxford University Press Oxford, UK}
}